@article{demeshev_tikhonova:b_dyn,
  author = {Демешев, Борис and Тихонова, Анна},
  journal = {Корпоративные финансы},
  year = {2014},
  title = {Динамика прогнозной силы моделей банкротства для средних и малых российских компаний оптовой и розничной торговли},
  language={russian},
  hyphenation={russian}
}
@article{demeshev_tikhonova:b_comp,
  author = {Демешев, Борис and Тихонова, Анна},
  journal = {Экономический журнал Высшей школы экономики},
  year = {2014},
  title = {Прогнозирование банкротства российских компаний: межотраслевое сравнение},
  language={russian},
  hyphenation={russian}
}

@book{borzykh:pset,
  author = {Демешев, Борис and Борзых, Дмитрий},
  year = {2014},
  publisher = {УРСС},
  title = {Эконометрика в задачах и упражнениях},
  language={russian},
  hyphenation={russian}
}

@Unpublished{demeshev_malakhovskaya:bvar_forecasting,
  author = {Demeshev, Boris and Malakhovskaya, Oxana},
  note = {Preprint in Working papers by National research university Higher School of economics},
  title = {Forecasting Russian macroeconomic indicators with BVAR},
  year = {2015},
  number = {105},
  language={english},
  hyphenation={english}
}

@Unpublished{demeshev_malakhovskaya:bvar_comparison,
  author = {Демешев, Борис and Малаховская, Оксана},
  note = {Препринты. Высшая школа экономики. Серия WP12 «Научные доклады лаборатории макроэкономического анализа»},
  title = {Сравнение случайного блуждания, VAR, BVAR Литтермана при прогнозировании выпуска, индекса цен и процентной ставки},
  year = {2015},
  number = {3},
  language={russian},
  hyphenation={russian}
}

@article{demeshev_malakhovskaya:bvar_mapping,
  author = {Демешев, Борис and Малаховская, Оксана},
  journal = {Прикладная эконометрика},
  year = {2016},
  title = {Картографирование BVAR},
  volume = {43},
  language={russian},
  hyphenation={russian}
}

@article{demeshev_malakhovskaya:bvar_litterman,
  author = {Демешев, Борис and Малаховская, Оксана},
  journal = {Экономический журнал Высшей школы экономики},
  year = {2016},
  title = {Макроэкономическое прогнозирование с помощью BVAR Литтермана},
  number = {4},
  volume = {20},
  language={russian},
  hyphenation={russian}
}

@book{demeshev:modelling_auctions,
  author = {Демешев, Борис},
  year = {2016},
  publisher = {ДМК-пресс},
  title = {Моделирование аукционов. Азбука},
  language={russian},
  hyphenation={russian}
}
