%% LaTeX2e file `demeshev.bib'
%% generated by the `filecontents' environment
%% from source `demeshev_cv_rus' on 2016/09/17.
%%
@article{demeshev:b_dyn,
  author = {Демешев Борис, Тихонова Анна},
  journal = {Корпоративные финансы},
  year = {2014},
  title = {Динамика прогнозной силы моделей банкротства для средних и малых российских компаний оптовой и розничной торговли},
}
@article{demeshev:b_comp,
  author = {Демешев Борис, Тихонова Анна},
  journal = {Экономический журнал Высшей школы экономики},
  year = {2014},
  title = {Прогнозирование банкротства российских компаний: межотраслевое сравнение},
}
@book{borzykh:pset,
  author = {Демешев Борис, Борзых Дмитрий},
  year = {2014},
  publisher = {УРСС},
  title = {Эконометрика в задачах и упражнениях},
}

@Unpublished{demeshev:bvar_forecasting,
  author = {Demeshev Boris, Malakhovskaya Oxana},
  note = {Preprint in Working papers by National research university Higher School of economics},
  title = {Forecasting Russian macroeconomic indicators with BVAR},
  year = {2015},
  number = {105}
}

@Unpublished{demeshev:bvar_comparison,
  author = {Демешев Борис, Малаховская Оксана},
  note = {Препринты. Высшая школа экономики. Серия WP12 «Научные доклады лаборатории макроэкономического анализа»},
  title = {Сравнение случайного блуждания, VAR, BVAR Литтермана при прогнозировании выпуска, индекса цен и процентной ставки},
  year = {2015},
  number = {3}
}


