%% LaTeX2e file `demeshev_eng.bib'
%% generated by the `filecontents' environment
%% from source `demeshev_cv_eng' on 2017/03/14.
%%
@article{demeshev_tikhonova:b_dyn,
  author = {Demeshev Boris, Tikhonova Anna},
  journal = {Journal of corporate finance research},
  year = {2014},
  title = {Dynamics of predictive power of insolvency models for russian small-medium enterprises: wholesale and retail trade [in Russian]}
}
@article{demeshev_tikhonova:b_comp,
  author = {Demeshev Boris, Tikhonova Anna},
  journal = {The HSE Economic Journal},
  year = {2014},
  title = {Default prediction for russian companies: intersectoral comparison [in Russian]},
}
@Unpublished{demeshev_malakhovskaya:bvar_forecasting,
  author = {Demeshev, Boris and Malakhovskaya, Oxana},
  note = {Preprint in Working papers by National research university Higher School of economics},
  title = {Forecasting Russian macroeconomic indicators with BVAR},
  year = {2015},
  number = {105}
}

@Unpublished{demeshev_malakhovskaya:bvar_comparison,
  author = {Demeshev, Boris and Malakhovskaya, Oxana},
  note = {Preprint in Working papers by National research university Higher School of economics, WP12},
  title = {Comparison of random walk, VAR, Litterman BVAR for forecasting of production, price index and interest rate [in Russian]},
  year = {2015},
  number = {3}
}


@book{borzykh:pset,
  author = {Demeshev, Boris and Borzykh, Dmitriy},
  year = {2014},
  publisher = {URSS},
  title = {Econometrics in problems and exercises [in Russian]}
}



@article{demeshev_malakhovskaya:bvar_mapping,
  author = {Demeshev, Boris and Malakhovskaya, Oxana},
  journal = {Prikladnaya ekonometrika [Applied econometrics]},
  year = {2016},
  title = {BVAR mapping [in Russian]},
  volume = {43}
}

@article{demeshev_malakhovskaya:bvar_litterman,
  author = {Demeshev, Boris and Malakhovskaya, Oxana},
  journal = {HSE economic journal},
  year = {2016},
  title = {Macroeconomic forecasting with Litterman's BVAR [in Russian]},
  number = {4},
  volume = {20}
}

@book{demeshev:modelling_auctions,
  author = {Demeshev, Boris},
  year = {2016},
  publisher = {DMK-press},
  title = {Modelling auctions [in Russian]}
}
